@electronic{website:ciscoForecastAndMethodology,
  author = "Cisco",
  title = "Cisco Visual Networking Index: Forecast and Methodology, 2012–2017",
  url = "http://www.cisco.com/c/en/us/solutions/collateral/service-provider/ip-ngn-ip-next-generation-network/white\_paper\_c11-481360.html",
  year = "2013"
}

@standard{standard:html5,
	title = "HTML5",
	author = "Robin Berjon et al.",
	type = "Candidate Recommendation",
	revision = "5",
	organization = "W3C",
  url = "http://www.w3.org/TR/2014/CR-html5-20140204/"
}

@electronic{website:appleFlash,
  author = "Steve Jobs",
  title = "Thoughts on Flash",
  url = "http://www.apple.com/hotnews/thoughts-on-flash/",
  year = "2010"
}

@inproceedings{inproceedings:flashSecurity, 
  author={Watanabe, T. and Zixue Cheng and Kansen, M. and Hisada, M.}, 
  booktitle={Network-Based Information Systems (NBiS), 2010 13th International Conference on}, 
  title={A New Security Testing Method for Detecting Flash Vulnerabilities by Generating Test Patterns}, 
  year={2010}, 
  month={Sept}, 
  pages={469-474}, 
  keywords={program testing;security of data;flash parameter injection;flash player;flash vulnerability detection;security testing method;test pattern generation;Browsers;HTML;Mobile communication;Monitoring;Security;Servers;Testing;Flash Security;Mobile Code Security;Penetration Test;Test Patterns Generation;Web Security}, 
  doi={10.1109/NBiS.2010.28}, 
  ISSN={2157-0418},
}

@article{article:towardsVideoOnTheWebWithHTML5,
  author = "François Daoust, Philipp Hoschka, Charalampos Z. Patrikakis, Rui S. Cruz, Mário S. Nunes, David Salama Osborne",
  title = "Towards Video on the Web with HTML5",
  year = "2010",
  url = "http://www.w3.org/2010/Talks/1014-html5-video-fd/video-html5.pdf",
}

@inproceedings{inproceedings:theChroomaApproach,
 author = {Oehme, Philipp and Krug, Michael and Wiedemann, Fabian and Gaedke, Martin},
 title = {The Chrooma+ Approach to Enrich Video Content Using HTML5},
 booktitle = {Proceedings of the 22Nd International Conference on World Wide Web Companion},
 series = {WWW '13 Companion},
 year = {2013},
 isbn = {978-1-4503-2038-2},
 location = {Rio de Janeiro, Brazil},
 pages = {479--480},
 numpages = {2},
 url = {http://dl.acm.org/citation.cfm?id=2487788.2487973},
 acmid = {2487973},
 publisher = {International World Wide Web Conferences Steering Committee},
 address = {Republic and Canton of Geneva, Switzerland},
 keywords = {html5, mashup, media aggregation, media enrichment, streaming, video mashup, video streaming, widgets},
} 

@book{fulton2011html5,
  title={HTML5 Canvas: Native Interactivity and Animation for the Web},
  author={Fulton, S. and Fulton, J.},
  isbn={9781449393908},
  lccn={2012472899},
  series={O'Reilly Series},
  url={http://books.google.co.uk/books?id=zFvRqdL\_pUAC},
  year={2011},
  publisher={O'Reilly Media, Incorporated}
}
